@book{itsf,
    author    = "Peter J. Brockwell and Richard A. Davis",
    title     = "Introduction to Time Series and Forecasting",
    year      = "2016",
    edition   = "3",
    publisher = "Springer"
}

@book{tstm,
    author    = "Peter J. Brockwell and Richard A. Davis",
    title     = "Time Series: Theory and Methods",
    year      = "2006",
    edition   = "2",
    publisher = "Springer"
}

@book{chatfield,
    author    = "Chris Chatfield",
    title     = "The Analysis of Time Series: Theory and Practice",
    year      = "1975",
    edition   = "1",
    publisher = "Springer",
    url       = "https://doi.org/10.1007/978-1-4899-2925-9"
}

@article{ararma,
    author    = "Emanuel Parzen",
    title     = "ARARMA Models for Time Series Analysis and Forecasting",
    journal   = "Journal of Forecasting",
    volume    = "1",
    pages     = "67--82",
    year      = "1982",
    url       = "https://doi.org/10.1002/for.3980010108"
}

@Online{kdnugget,
    author    = "Shay Palachy",
    title     = "Detecting stationarity in time series data",
    url       = "https://www.kdnuggets.com/2019/08/stationarity-time-series-data.html",
    urldate     = {2020-20-11}
}

@Online{itsmr_git,
    author    = "George Weigt",
    title     = "ITSM-R Reference Manual",
    url       = "https://georgeweigt.github.io/itsmr-refman.pdf",
    urldate     = {2020-01-12}
}

@Online{wn_python,
    author    = "Jason Brownlee",
    title     = "White Noise Time Series with Python",
    url       = "https://machinelearningmastery.com/white-noise-time-series-python/",
    urldate     = {2020-01-12}
}

@Online{hw_simple,
    author    = "SolarWinds",
    title     = "Holt-Winters Forecasting Simplified",
    url       = "https://orangematter.solarwinds.com/2019/12/15/holt-winters-forecasting-simplified/",
    urldate     = {2021-02-21}
}

@Online{deaths_2010-2019,
    author    = "Swiss Federal Statistics Office",
    title     = "Weekly number of deaths, 2010-2019",
    url       = "https://www.bfs.admin.ch/bfs/en/home/statistics/health/state-health/mortality-causes-death.assetdetail.12607335.html",
    urldate     = {2021-02-21}
}

@Online{deaths_2020-2021,
    author    = "Swiss Federal Statistics Office",
    title     = "Weekly number of deaths, 2010-2019",
    url       = "https://www.bfs.admin.ch/bfs/en/home/statistics/health/state-health/mortality-causes-death.assetdetail.16306577.html",
    urldate     = {2021-02-21}
}

@article{little_ts,
    author    = "Avril Coghlan",
    title     = "A Little Book of R For Time Series",
    pages     = "26--60",
    year      = "2018",
    url       = "https://buildmedia.readthedocs.org/media/pdf/a-little-book-of-r-for-time-series/latest/a-little-book-of-r-for-time-series.pdf"
    journal   = "Littlebook",
}

@Online{fpp2,
    author    = "Rob J Hyndman, George Athanasopoulos",
    title     = "Forecasting: Principles and Practice, 2nd Ed.",
    url       = "https://otexts.com/fpp2/",
    urldate     = {2021-02-21}
}

@Online{drift,
    author    = "Rob J Hyndman",
    title     = "https://robjhyndman.com/hyndsight/arimaconstants/",
    url       = "https://otexts.com/fpp2/",
    urldate     = {2021-02-21}
}

@Online{drift_R,
    author    = "Rob J Hyndman",
    title     = "https://robjhyndman.com/hyndsight/arimaconstants/",
    url       = "https://www.rdocumentation.org/packages/forecast/versions/8.13/topics/Arima",
    urldate     = {2021-02-21}
}

@article{shapirowilk,
    author    = "S. Shapiro, M. Wilk",
    title     = "An analysis of variance test for normality",
    journal   = "Biometrika",
    volume    = "52",
    pages     = "591--611",
    year      = "1965",
    url       = "https://doi.org/10.1093/biomet/52.3-4.591"
}

% Other links:
% https://towardsdatascience.com/holt-winters-exponential-smoothing-d703072c0572
% https://www.sciencedirect.com/science/article/pii/S0261517708000435#sec2
% https://stats.stackexchange.com/questions/76322/forecasting-using-holt-winters-technique-using-r-with-less-than-2-years-of-histo
% https://towardsdatascience.com/time-series-analysis-with-auto-arima-in-r-2b220b20e8ab
% https://otexts.com/fpp2/non-seasonal-arima.html
% https://otexts.com/fpp2/seasonal-arima.html